<?xml version="1.0" encoding="UTF-8"?><collection xmlns="http://www.loc.gov/MARC21/slim"><record><leader>00526nam--2200169-i-4500</leader><controlfield tag="001">000009152</controlfield><controlfield tag="002">20161230</controlfield><controlfield tag="005">20161230201028</controlfield><controlfield tag="008">060222s1000------------r-----000-0-eng-d</controlfield><datafield ind1=" " ind2=" " tag="040"><subfield code="a">IFIN-HH</subfield></datafield><datafield ind1=" " ind2=" " tag="080"><subfield code="a">539.143.43</subfield></datafield><datafield ind1="1" ind2=" " tag="100"><subfield code="a">Boatner, Lynn Allen</subfield></datafield><datafield ind1="1" ind2="0" tag="245"><subfield code="a">A magnetic resonance study of s-state ions in cubic cryctalline fields</subfield><subfield code="b">Dissertation</subfield><subfield code="c">Lynn allen boatner</subfield></datafield><datafield ind1=" " ind2=" " tag="260"><subfield code="a">An Arbor, Michigan</subfield><subfield code="b">University Microfilms, Inc</subfield><subfield code="c">1966</subfield></datafield><datafield ind1=" " ind2=" " tag="300"><subfield code="a">VII + 116 P</subfield></datafield><datafield ind1=" " ind2=" " tag="852"><subfield code="a">32286</subfield><subfield code="c">539.143.43</subfield></datafield><datafield ind1=" " ind2=" " tag="CAT"><subfield code="a">Sys</subfield><subfield code="c">20120503</subfield><subfield code="h">161245</subfield></datafield></record></collection>